% Examples

@Book{Book01,
author = {Book01 author},
title = {Book01 title},
publisher = {Book01 publisher},
year = {0001},
address = {Krakow}
}

@Manual{MAN02,
title = {MAN02 title},
organization = {MAN02 org},
year = {0002}
}

@Article{ART03,
author = {ART03 authors},
title = {ART03 title},
journal = {ART03 journal},
year = {0003},
volume = {volume},
number = {number},
pages = {pages}
}

@TechReport{REP04,
author = {REP04 authors},
title = {REP04 title},
institution = {REP04 inst},
year = {0004},
number = {REP04 number}
}
